%% LaTeX2e file `bib1.bib'
%% generated by the `filecontents' environment
%% from source `template_Report' on 2015/08/31.
%%
@misc{youtube,
  title =        "Water Pouring Rube Goldberg Simple Machine Course",
  author =      "TheEpicSpaniardRS",
  url = "https://www.youtube.com/watch?v=fQafL75ud7A"
}

@misc{inkscape,
    author    = "Inkscape",
    title     = "Inkscape Documentation",
    url   = "https://inkscape.org"
}
 
@misc{ShareLatex,
    author    = "Share$\LaTeX$",
    title     = "Share$\LaTeX$ Tutorials",
    url       = "https://www.sharelatex.com/learn/Bibliography_management_in_LaTeX"
 }
